<?xml version="1.0" encoding="UTF-8"?><collection xmlns="http://www.loc.gov/MARC21/slim"><record><leader>00322nam--2200121-i-4500</leader><controlfield tag="001">000019266</controlfield><controlfield tag="002">20161230</controlfield><controlfield tag="005">20161230201033</controlfield><controlfield tag="008">060222s1000------------r-----000-0-eng-d</controlfield><datafield ind1=" " ind2=" " tag="080"><subfield code="a">66</subfield></datafield><datafield ind1=" " ind2=" " tag="245"><subfield code="a">39 congres international de chimie industriala 7-11 septembrie 1970</subfield></datafield><datafield ind1=" " ind2=" " tag="260"><subfield code="a">Bucuresti, Cncs, 1970./Pag.Dif.</subfield></datafield><datafield ind1=" " ind2=" " tag="852"><subfield code="a">35233</subfield></datafield></record></collection>